@book{nagy2022simplifying,
  title     = {Simplifying Application Development with Kotlin Multiplatform Mobile: Write Robust Native Applications for IOS and Android Efficiently},
  author    = {Nagy, Robert},
  isbn      = {9781801812580},
  year      = {2022},
  publisher = {Packt Publishing, Limited}
}

\begin{comment}
@mastersthesis{amslaurea23043,
    title    = {Da software monolitico a DevOps e Microservizi: un caso di studio industriale},
    author   = {Neri, Alessandro},
    school   = {Alma Mater Studiorum - Università di Bologna - Campus di Cesena},
    year     = {2021},
    keywords = {microservizi,DevOps,CICD,IaC,Terraform,Docker,Kubernetes,Container,Continuos Integration,Continuos Deployment,Helm,Pipeline,Automazione},
    url      = {http://amslaurea.unibo.it/23043/}
}

@misc{kmm2,
  author = {Petrova, Ekaterina},
  title = {Results of the Kotlin Multiplatform Survey Q1-Q2 2021},
  year = 2021,
  howpublished = {https://blog.jetbrains.com/kotlin/2021/10/multiplatform-survey-q1-q2-2021/},
  urldate = {2022-06-04}
}

@misc{sdlf,
  author = {Ortinau, David},
  title = {Mobile Development Lifecycle},
  year = 2021,
  howpublished = {https://docs.microsoft.com/it-it/xamarin/cross-platform/get-started/introduction-to-mobile-sdlc},
  urldate = {2022-09-12}
}

@misc{mamonitoring,
  author = {Sobolik, Thomas},
  title = {Best practices for monitoring mobile app performance},
  year = 2022,
  howpublished = {https://www.datadoghq.com/blog/mobile-monitoring-best-practices/},
  urldate = {2022-09-19}
}

@misc{gitlabciandroid,
  author = {Yavorska, Jason},
  title = {How to publish Android apps to the Google Play Store with GitLab and fastlane},
  year = 2019,
  howpublished = {https://about.gitlab.com/blog/2019/01/28/android-publishing-with-gitlab-and-fastlane/},
  urldate = {2022-09-19}
}

@book{evans_domain-driven_2004,
    title        = {Domain-driven design: tackling complexity in the heart of software},
    shorttitle   = {Domain-driven design},
    author       = {Evans, Eric},
    year         = 2004,
    publisher    = {Addison-Wesley},
    address      = {Boston},
    isbn         = 9780321125217,
    keywords     = {Computer software, Development, Object-oriented programming (Computer science)}
}

@book{Martin17,
  author = {Martin, Robert C.},
  isbn = {978-0-13-449416-6},
  publisher = {Prentice Hall},
  series = {Robert C. Martin Series},
  title = {Clean Architecture: A Craftsman's Guide to Software Structure and Design},
  url = {https://www.safaribooksonline.com/library/view/clean-architecture-a/9780134494272/},
  year = 2017
}

@book{laurence2021programming,
  title={Programming Android with Kotlin: Achieving Structured Concurrency with Coroutines},
  author={Laurence, P.O. and Hinchman-Dominguez, A. and Meike, G.B. and Dunn, M.},
  isbn={9781492063001},
  url={https://books.google.it/books?id=59MrzgEACAAJ},
  year={2021},
  publisher={O'Reilly Media, Incorporated}
}

@misc{kmm1,
  author = {Daniele Baroncelli},
  title = {The future of apps:
Declarative UIs with Kotlin MultiPlatform (D-KMP) — Part 2/3},
  year = 2021,
  url = {https://danielebaroncelli.medium.com/the-future-of-apps-declarative-uis-with-kotlin-multiplatform-d-kmp-part-2-3-1bbadaf19aef},
  urldate = {2022-06-04}
}

@misc{android1,
  author = {Android Developers},
  title = {Guide to app architecture},
  year = 2022,
  url = {https://developer.android.com/topic/architecture},
  urldate = {2022-04-28}
}
\end{comment}